@article{hazell2023spear,
  title={Spear phishing with large language models},
  author={Hazell, Julian},
  journal={arXiv preprint arXiv:2305.06972},
  year={2023}
}
@article{williams2024large,
  title={Large language models can consistently generate high-quality content for election disinformation operations},
  author={Williams, Angus R and Burke-Moore, Liam and Chan, Ryan Sze-Yin and Enock, Florence E and Nanni, Federico and Sippy, Tvesha and Chung, Yi-Ling and Gabasova, Evelina and Hackenburg, Kobi and Bright, Jonathan},
  journal={arXiv preprint arXiv:2408.06731},
  year={2024}
}
@inproceedings{xivuri2021systematic,
  title={A systematic review of fairness in artificial intelligence algorithms},
  author={Xivuri, Khensani and Twinomurinzi, Hossana},
  booktitle={Responsible AI and Analytics for an Ethical and Inclusive Digitized Society: 20th IFIP WG 6.11 Conference on e-Business, e-Services and e-Society, I3E 2021, Galway, Ireland, September 1--3, 2021, Proceedings 20},
  pages={271--284},
  year={2021},
  organization={Springer}
}
@misc{tayMicrosoft,
  title={Learning from Tay's introduction},
  author={Lee, Peter},
  howpublished = {\url{https://web.archive.org/web/20241127051442/https://blogs.microsoft.com/blog/2016/03/25/learning-tays-introduction/}},
  note={Accessed: 2025-01-14},
  year={2016}
}
@article{nasr2023scalable,
  title={Scalable extraction of training data from (production) language models},
  author={Nasr, Milad and Carlini, Nicholas and Hayase, Jonathan and Jagielski, Matthew and Cooper, A Feder and Ippolito, Daphne and Choquette-Choo, Christopher A and Wallace, Eric and Tram{\`e}r, Florian and Lee, Katherine},
  journal={arXiv preprint arXiv:2311.17035},
  year={2023}
}
